@misc{ companion,
       author = "Nobody Jr",
       title = "My Article",
       year = "2006" }
       
@BOOK{DUMMY:1,
AUTHOR="John Doe",
TITLE="The Book without Title",
PUBLISHER="Dummy Publisher",
YEAR="2100",
}